@misc{1,
  author = {Davn},
  title = {{Estatística e Probabilidade para Computação}},
  howpublished = {\url{cin.ufpe.br/~pet/wiki/Estatistica_e_Probabilidade_para_Computacao}},
  year = {2013},
  note = {Acessado em : 25-10-2018}
}
@misc{2,
  author = {Rodrigo e Chiu},
  title = {{Estatística e Probabilidade para Computação [2018.2]}},
  howpublished = {\url{http://www.cin.ufpe.br/~et586cc/}},
  year = {2015},
  note = {Acessado em : 25-10-2018}
}
@book{3,
  author    = {Marcos N. Magalhães, Antonio Carlos P. de Lima.},
  title     = {Noções de Probabilidade e Estatística},
  year      = {2007},
  publisher = {Editora da Universidade de São Paulo},
  address   = {São Paulo, SP},
}
