@book{1,
  title={Engineering a compiler},
  author={Cooper, Keith and Torczon, Linda},
  year={2011},
  publisher={Elsevier}
}

@article{2,
  title={Ravi Sethi, and Jeffrey D. Ullman},
  author={Aho, Alfred V and Lam, Monica S},
  journal={Compilers, principles, techniques, and tools},
  year={1985}
}

@inproceedings{3,
  title={Type-based analysis and applications},
  author={Palsberg, Jens},
  booktitle={Proceedings of the 2001 ACM SIGPLAN-SIGSOFT workshop on Program analysis for software tools and engineering},
  pages={20--27},
  year={2001},
  organization={ACM}
}

@book{4,
  title={Programming language pragmatics},
  author={Scott, Michael Lee},
  year={2000},
  publisher={Morgan Kaufmann}
}

@article{5,
  title={A programmer-friendly LL (1) parser generator},
  author={Grune, Dick and Jacobs, Ceriel JH},
  journal={Software: Practice and Experience},
  volume={18},
  number={1},
  pages={29--38},
  year={1988},
  publisher={Wiley Online Library}
}
