@book{c,
  title={hardware},
  author={https://pxhere.com/pt/photo/665497},
  isbn={https://pxhere.com/pt/photo/665497},
  url={https://pxhere.com/pt/photo/665497},
  publisher={}
}
@book{b,
  title={Computer Organization and Design RISC-V Edition
1st Edition},
  author={David Patterson, John Hennessy},
  isbn={9781417642595},
  url={https://www.elsevier.com/books/computer-organization-and-design-risc-v-edition/patterson/978-0-12-812275-4},
  year={2017},
  publisher={San Val}
}
@book{d,
  title={Arquitetura e Organização de Computadores - 8ª Ed.},
  author={ William Stallings},
  isbn={9781417642595},
  url={https://www.amazon.com.br/Arquitetura-Organiza%C3%A7%C3%A3o-Computadores-William-Stallings/dp/8576055643},
  year={2009},
  publisher={}
}