@book{redeseinternet6,
title={Redes de Computadores e a Internet - Uma Abordagem Top-Down 6a Edição},
author={James F. Kurose and Keith W. Ross},
isbn={8581436773},
url={https://www.amazon.com.br/Redes-Computadores-Internet-Abordagem-Top-Down/dp/8581436773},
year={2013},
publisher={Pearson}
}
@book{redeseinternet5,
title={Redes de Computadores e a Internet - Uma Abordagem Top-Down 5a Edição},
author={James F. Kurose and Keith W. Ross},
isbn={9788588639973},
url={https://www.saraiva.com.br/redes-de-computadores-e-a-internet-uma-abordagem-top-down-5-ed-2877734.html},
year={2010},
publisher={Pearson}
}
@book{redesedecomputadores,
title={Redes de Computadores},
author={Andrew S. Tanenbaum and David J. Wetherall},
isbn={9788576059240},
url={https://www.saraiva.com.br/redes-de-computadores-5-ed-2011-3531742.html},
year={2011},
publisher={Pearson}
}
@misc{redes,
    author={VVMSS2},
    title={Redes_inf.jpg},
    year={2012},
    howpublished = "\url{https://upload.wikimedia.org/wikipedia/commons/b/b8/Redes_inf.jpg}",
}
@misc{cinwiki,
    author={DAMORIM, ESVM, Rcac, Mjuliagfl e Phtg},
    title={Infraestrutura de Comunicação},
    year={2017},
    howpublished = "\url{https://cin.ufpe.br/~pet/wiki/Infraestrutura_de_Comunica}",
}
