@misc{ wiki:xxx,
   author = "CInWiki",
   title = "Algoritmos e Estruturas de Dados --- CInWiki{,} ",
   year = "2017",
   url = "https://cin.ufpe.br/~pet/wiki/index.php?title=Algoritmos_e_Estruturas_de_Dados&oldid=1716",
   note = "[Online; accessed 21-outubro-2018]"
}
@misc{Info,
   author = "CInWiki",
   title = "Informática Teórica --- CInWiki{,} ",
   year = "2017",
   url = "https://cin.ufpe.br/~pet/wiki/Inform%C3%A1tica_Te%C3%B3rica",
   note = "[Online; accessed 25-outubro-2018]"
 }
@misc{ CIn,
   author = "Renato Vimieiro",
   title = "IF672 - Algoritmos e Estrutura de Dados",
   year = "2018",
   url = "https://sites.google.com/a/cin.ufpe.br/if672cc-aeds-rvimieiro/home",
   note = "[Online; accessed 21-outubro-2018]"
}
@misc{Cin-SI,
   author = "Márcio Lopes Cornélio",
   title = "Engenharia de Software e Sistemas - IF682",
   year = "2011",
   url = "http://www.cin.ufpe.br/~if682/20111/",
   note = "[Online; accessed 24-outubro-2018]"
} 
@book{Cormen,
  title={Algoritmos : teoria e prática },
  author={Thomas H. Cormen... [et al.]},
  isbn={853520926},
  url={https://www.cin.ufpe.br/~ara/algoritmos-%20portugu%EAs-%20cormen.pdf},
  year={2002},
  publisher={Sindicato Nacional dos Editores de Livros}
}
@book{Proj,
  title={Projeto de algoritmos com implementações em Pascal e C},
  author={Nivio Vizian},
  isbn={8522110506},
  url={http://www2.dcc.ufmg.br/livros/algoritmos/index.php},
  year={2011},
  publisher={Cengage}
}
 @misc{SI,
   author = "CInWiki",
   title = "Sistemas Inteligentes --- CInWiki{,} ",
   year = "2017",
   url = "https://cin.ufpe.br/~pet/wiki/index.php?title=Sistemas_Inteligentes&oldid=1764",
   note = "[Online; accessed 25-outubro-2018]"
 }