@misc{NEWS,
  title = {O que é Machine learning ou Aprendizagem de Máquina?},
  howpublished = {https://news.sap.com/brazil/2017/10/o-que-e-machine-learning-ou-aprendizagem-de-maquina/},
  note = {Accessed: 24-10-2018}
}
@misc{DI-UFPE,
  title = {Estudo de técnicas},
  howpublished = {http://www.di.ufpe.br/~fatc/AM/AM-Introducao-2018.pdf},
  note = {Accessed: 24-10-2018}
}

@misc{NASA,
  title = {NASA Uses Machine Learning to Discover New Planet},
  howpublished = {https://www.rdmag.com/article/2018/01/nasa-uses-machine-learning-discover-new-planet},
  note = {Accessed: 24-10-2018}
}
