\addcontentsline{toc}{chapter}{Referências Bibliográficas}
\begin{thebibliography}{2}

@book{Chapman,
author = {Srinivas Aluru - Chapman & Hall},
title = {{Handbook of Computational Molecular Biology}},
howpublished = "\parbox{\linewidth}{\url{https://www.amazon.com/Handbook-Computational-Molecular-Computer-Information/dp/1584884061}}",
year = {2006},
}
@book{Joao,
author = {João Carlos Setubal & Joao Meidanis},
title = {{Introduction to Computational Molecular Biology.}},
howpublished = "\parbox{\linewidth}{\url{https://www.amazon.com/Introduction-Computational-Molecular-Biology-Setubal/dp/0534952623}}",
year = {1997},
}
@book{Pavel,
author = {Pavel Pevzner},
title = {{Computational Molecular Biology - An Algorithmic Approach.}},
howpublished = "\parbox{\linewidth}{\url{https://www.amazon.com/Computational-Molecular-Biology-Algorithmic-Approach/dp/0262161974}}",
year = {2000},
}


\end{thebibliography}


