@book{firstBookEnglish,
title = {Computer Organization and Design RISC-V Edition - The Hardware Software Interface},
author = {David Patterson and John Hennessy},
publisher = {Morgan Kaufmann},
year = {2017}
}

@book{firstBookPortuguese,
title = {Organização e Projeto de Computadores: A Interface Hardware/Software - 3ª Edição},
author = {David Patterson and John Hennessy},
publisher = {Campus},
year = {2005}
}

@book{secondBook,
title = {Arquitetura e Organização de Computadores - 5ª Edição},
author = {William Stallings},
publisher = {Pearson - Education},
year = {2002}
}