@book{laudon,
  title={Sistemas de Informações Gerenciais},
  author={Kenneth Laudon e Jane P. Laudon},
  year={2011}
}
@book{navathe,
  title={Sistemas de Banco de Dados},
  author={R. Elmasri e S. Navathe},
  year={2011}
}
@misc{site,
  title={Site da Disciplina},
  howpublished={\url{http://www.cin.ufpe.br/~if685/}}
}