@book{1,
  title= {Logic and Structure},
  author={Dirk Van Dalen},
  isbn={9781447145578},

  year={2004},
  publisher= {Springer}
}

@book{2,
  title=  {A Shorter Model Theory},
  author=  {Wilfrid Hodges},
  isbn={9780521587136},

  year={1997},
  publisher=  { Cambridge University Press}
 } 

@book{3,
  title= {Language, Proof and Logic},
  author={ Jon Barwise and John Etchemendy},
  isbn={9781575866321},

  year={2000},
  publisher= {Seven Bridges Press}
}