@misc{siteDisciplina ,
    url = {http://cin.ufpe.br/~if699},
    title = {Site da discliplina}
}

@misc{CinWikiDisciplina ,
    url = {https://cin.ufpe.br/~pet/wiki/Aprendizagem_de_Máquina},
    title = {CinWiki da disciplina}
}

@misc{Site1 , 
    url = {https://www.sas.com/pt_br/insights/analytics/machine-learning.html} , 
    title = {importância do machine learning}

}